<?xml version="1.0" encoding="UTF-8"?><collection xmlns="http://www.loc.gov/MARC21/slim"><record><leader>00479nam--2200181-i-4500</leader><controlfield tag="001">000036961</controlfield><controlfield tag="002">20161230</controlfield><controlfield tag="005">20170228115223</controlfield><controlfield tag="008">060222s1000------------r-----000-0-eng-d</controlfield><datafield ind1=" " ind2=" " tag="020"><subfield code="a">047104329X</subfield></datafield><datafield ind1=" " ind2=" " tag="040"><subfield code="a">IFIN-HH</subfield></datafield><datafield ind1=" " ind2=" " tag="080"><subfield code="a">539.1.08</subfield></datafield><datafield ind1="1" ind2=" " tag="100"><subfield code="a">Profio, A. Edward</subfield></datafield><datafield ind1="1" ind2="0" tag="245"><subfield code="a">Radiation Shielding and Dosimetry</subfield><subfield code="c">A.Edward Profio</subfield></datafield><datafield ind1=" " ind2=" " tag="260"><subfield code="a">New York</subfield><subfield code="b">John Wiley &amp; Sons</subfield><subfield code="c">1979</subfield></datafield><datafield ind1=" " ind2=" " tag="300"><subfield code="a">X+547 P</subfield></datafield><datafield ind1=" " ind2=" " tag="852"><subfield code="a">46932</subfield><subfield code="c">530.1.07:539.1.08</subfield></datafield><datafield ind1=" " ind2=" " tag="CAT"><subfield code="a">SYS</subfield><subfield code="c">20170228</subfield><subfield code="h">115223</subfield></datafield></record></collection>